<?xml version="1.0" encoding="UTF-8"?><collection xmlns="http://www.loc.gov/MARC21/slim"><record><leader>00424nam--2200169-i-4500</leader><controlfield tag="001">000014571</controlfield><controlfield tag="002">20161230</controlfield><controlfield tag="005">20170115222009</controlfield><controlfield tag="008">060222s1000------------r-----000-0-eng-d</controlfield><datafield ind1=" " ind2=" " tag="080"><subfield code="a">53.06(082):577.3</subfield></datafield><datafield ind1=" " ind2=" " tag="245"><subfield code="a">Biophysics</subfield></datafield><datafield ind1=" " ind2=" " tag="260"><subfield code="a">New York</subfield><subfield code="b">Academic Press</subfield><subfield code="c">1982</subfield></datafield><datafield ind1=" " ind2=" " tag="300"><subfield code="a">XXIII + 568 p</subfield></datafield><datafield ind1=" " ind2=" " tag="490"><subfield code="a">Methods Of Experimental Physics</subfield></datafield><datafield ind1=" " ind2=" " tag="700"><subfield code="a">Lecar, Harold</subfield></datafield><datafield ind1=" " ind2=" " tag="852"><subfield code="a">14584</subfield></datafield><datafield ind1=" " ind2=" " tag="CAT"><subfield code="a">SYS</subfield><subfield code="c">20170115</subfield><subfield code="h">222009</subfield></datafield></record></collection>